%% This BibTeX bibliography file was created using BibDesk.
%% http://bibdesk.sourceforge.net/

%% Created for Molly at 2018-10-09 11:13:36 -0500 


%% Saved with string encoding Unicode (UTF-8) 



@article{joulin2016bag,
	Author = {Joulin, Armand and Grave, Edouard and Bojanowski, Piotr and Mikolov, Tomas},
	Date-Added = {2018-09-26 18:28:20 +0000},
	Date-Modified = {2018-09-26 18:28:20 +0000},
	Journal = {arXiv preprint arXiv:1607.01759},
	Title = {Bag of tricks for efficient text classification},
	Year = {2016}}

@article{scott2018glasgow,
	Author = {Scott, Graham G and Keitel, Anne and Becirspahic, Marc and Yao, Bo and Sereno, Sara C},
	Date-Added = {2018-09-26 18:15:45 +0000},
	Date-Modified = {2018-09-26 18:15:45 +0000},
	Journal = {Behavior research methods},
	Pages = {1--13},
	Publisher = {Springer},
	Title = {The Glasgow Norms: Ratings of 5,500 words on nine scales},
	Year = {2018}}

@article{stoet2018gender,
	Author = {Stoet, Gijsbert and Geary, David C},
	Date-Added = {2018-09-25 21:17:57 +0000},
	Date-Modified = {2018-09-25 21:17:57 +0000},
	Journal = {Psychological science},
	Number = {4},
	Pages = {581--593},
	Publisher = {SAGE Publications Sage CA: Los Angeles, CA},
	Title = {The gender-equality paradox in science, technology, engineering, and mathematics education},
	Volume = {29},
	Year = {2018}}

@article{miller2015women,
	Author = {Miller, David I and Eagly, Alice H and Linn, Marcia C},
	Date-Added = {2018-09-25 19:43:22 +0000},
	Date-Modified = {2018-09-25 19:43:22 +0000},
	Journal = {Journal of Educational Psychology},
	Number = {3},
	Pages = {631},
	Publisher = {American Psychological Association},
	Title = {Women's representation in science predicts national gender-science stereotypes: Evidence from 66 nations.},
	Volume = {107},
	Year = {2015}}

@article{loftus1974reconstruction,
	Author = {Loftus, Elizabeth F and Palmer, John C},
	Date-Added = {2018-01-30 19:53:57 +0000},
	Date-Modified = {2018-01-30 19:53:57 +0000},
	Journal = {Journal of verbal learning and verbal behavior},
	Number = {5},
	Pages = {585--589},
	Publisher = {Elsevier},
	Title = {Reconstruction of automobile destruction: An example of the interaction between language and memory},
	Volume = {13},
	Year = {1974}}

@article{forscher2016meta,
	Author = {Forscher, Patrick S and Lai, Calvin and Axt, Jordan and Ebersole, Charles R and Herman, Michelle and Devine, Patricia G and Nosek, Brian A},
	Date-Added = {2018-01-30 16:49:13 +0000},
	Date-Modified = {2018-01-30 16:49:13 +0000},
	Publisher = {PsyArXiv},
	Title = {A meta-analysis of change in implicit bias},
	Year = {2016}}

@book{epi,
	Date-Added = {2018-01-29 00:08:38 +0000},
	Date-Modified = {2018-01-30 19:49:52 +0000},
	Title = {EF {E}nglish {P}roficiency {I}ndex},
	Url = {https://www.ef.edu/epi/},
	Year = {2017},
	Bdsk-Url-1 = {https://www.ef.edu/epi/}}

@article{master2012thinking,
	Author = {Master, Allison and Markman, Ellen and Dweck, Carol},
	Date-Added = {2018-01-26 17:51:27 +0000},
	Date-Modified = {2018-02-02 03:22:53 +0000},
	Journal = {Child development},
	Number = {4},
	Publisher = {Wiley Online Library},
	Title = {Thinking in categories or along a continuum: Consequences for children's social judgments},
	Volume = {83},
	Year = {2012}}

@article{boroditsky2001does,
	Author = {Boroditsky, Lera},
	Date-Added = {2018-01-26 17:49:05 +0000},
	Date-Modified = {2018-10-09 16:13:36 +0000},
	Journal = {Cognitive psychology},
	Number = {1},
	Pages = {1--22},
	Publisher = {Elsevier},
	Title = {Does language shape thought?: {M}andarin and {E}nglish speakers' conceptions of time},
	Volume = {43},
	Year = {2001}}

@article{fausey2010subtle,
	Author = {Fausey, Caitlin M and Boroditsky, Lera},
	Date-Added = {2018-01-26 00:30:56 +0000},
	Date-Modified = {2018-01-26 00:30:56 +0000},
	Journal = {Psychonomic Bulletin \& Review},
	Number = {5},
	Pages = {644--650},
	Publisher = {Springer},
	Title = {Subtle linguistic cues influence perceived blame and financial liability},
	Volume = {17},
	Year = {2010}}

@article{tversky1981framing,
	Author = {Tversky, Amos and Kahneman, Daniel},
	Date-Added = {2018-01-26 00:28:14 +0000},
	Date-Modified = {2018-01-26 00:28:14 +0000},
	Journal = {Science},
	Number = {4481},
	Pages = {453--458},
	Publisher = {American Association for the Advancement of Science},
	Title = {The framing of decisions and the psychology of choice},
	Volume = {211},
	Year = {1981}}

@article{sera1994grammatical,
	Author = {Sera, Maria D and Berge, Christian AH and del Castillo Pintado, Javier},
	Date-Added = {2018-01-25 23:38:21 +0000},
	Date-Modified = {2018-02-02 03:03:09 +0000},
	Journal = {Cognitive Development},
	Number = {3},
	Pages = {261--292},
	Publisher = {Elsevier},
	Title = {Grammatical and conceptual forces in the attribution of gender by {E}nglish and {S}panish speakers},
	Volume = {9},
	Year = {1994}}

@article{kurinski2016spanish,
	Author = {Kurinski, Elena and Jambor, Em{\H{o}}ke and Sera, Maria D},
	Date-Added = {2018-01-25 23:37:31 +0000},
	Date-Modified = {2018-01-25 23:37:31 +0000},
	Journal = {International Journal of Bilingualism},
	Number = {1},
	Pages = {76--93},
	Publisher = {SAGE Publications Sage UK: London, England},
	Title = {Spanish grammatical gender: Its effects on categorization in native Hungarian speakers},
	Volume = {20},
	Year = {2016}}

@inproceedings{phillips2003can,
	Author = {Phillips, Webb and Boroditsky, Lera},
	Booktitle = {Proceedings of the 25th {A}nnual {M}eeting of the {C}ognitive {S}cience {S}ociety},
	Date-Added = {2018-01-25 23:37:00 +0000},
	Date-Modified = {2018-02-02 03:02:51 +0000},
	Pages = {928--933},
	Title = {Can quirks of grammar affect the way you think? Grammatical gender and object concepts},
	Year = {2003}}

@article{whorf1945grammatical,
	Author = {Whorf, Benjamin},
	Date-Added = {2018-01-25 22:28:37 +0000},
	Date-Modified = {2018-02-02 03:14:21 +0000},
	Journal = {Language},
	Pages = {1--11},
	Publisher = {JSTOR},
	Title = {Grammatical categories},
	Year = {1945}}

@book{corbett1991,
	Address = {Cambridge},
	Author = {Corbett, Greville G.},
	Date-Added = {2018-01-25 16:53:04 +0000},
	Date-Modified = {2018-01-25 16:53:14 +0000},
	Iso_Code = {zne; ket; gry; lbe; ojg; rus; aar; aqc; swh},
	Olac_Field = {typology; general_linguistics; syntax; semantics},
	Publisher = {Cambridge University Press.},
	Title = {Gender},
	Wals_Code = {arc; ket; lak; oji; grb; zan; swa; rus; qaf},
	Year = {1991}}

@article{oswald2013predicting,
	Author = {Oswald, Frederick L and Mitchell, Gregory and Blanton, Hart and Jaccard, James and Tetlock, Philip E},
	Date-Added = {2018-01-23 21:47:27 +0000},
	Date-Modified = {2018-01-23 21:47:27 +0000},
	Journal = {Journal of personality and social psychology},
	Number = {2},
	Pages = {171},
	Publisher = {American Psychological Association},
	Title = {Predicting ethnic and racial discrimination: A meta-analysis of IAT criterion studies.},
	Volume = {105},
	Year = {2013}}

@book{wals,
	Address = {Leipzig},
	Date-Added = {2018-01-23 20:21:05 +0000},
	Date-Modified = {2018-01-23 20:21:05 +0000},
	Editor = {Matthew S. Dryer and Martin Haspelmath},
	Publisher = {Max Planck Institute for Evolutionary Anthropology},
	Title = {WALS Online},
	Url = {http://wals.info/},
	Year = {2013},
	Bdsk-Url-1 = {http://wals.info/}}

@article{chen2017evaluating,
	Author = {Chen, Dawn and Peterson, Joshua C and Griffiths, Thomas L},
	Date-Added = {2018-01-23 18:27:05 +0000},
	Date-Modified = {2018-01-24 18:18:36 +0000},
	Journal = {arXiv preprint arXiv:1705.04416},
	Title = {Evaluating vector-space models of analogy},
	Year = {2017}}

@webpage{wps,
	Date-Added = {2018-01-19 20:45:02 +0000},
	Date-Modified = {2018-02-02 03:22:53 +0000},
	Title = {Women, {P}eace and {S}ecurity {I}ndex},
	Url = {https://giwps.georgetown.edu/},
	Year = {2017},
	Bdsk-Url-1 = {https://giwps.georgetown.edu/}}

@webpage{ciafactbook,
	Author = {{Central Intelligence Agency (CIA)}},
	Date-Added = {2018-01-17 22:56:06 +0000},
	Date-Modified = {2018-02-02 03:34:15 +0000},
	Title = {The {W}orld {F}actbook},
	Url = {https://www.cia.gov/library/publications/the-world-factbook/index.html},
	Year = {2017},
	Bdsk-Url-1 = {ttps://www.cia.gov/library/publications/the-world-factbook/index.html}}

@misc{firth1957synopsis,
	Author = {Firth, JR},
	Date-Added = {2018-01-16 20:04:20 +0000},
	Date-Modified = {2018-02-02 03:02:17 +0000},
	Publisher = {Oxford.},
	Title = {A Synopsis of Linguistic Theory 1930-1955 in Studies in Linguistic Analysis, Philological Society},
	Year = {1957}}

@article{hill2015simlex,
	Author = {Hill, Felix and Reichart, Roi and Korhonen, Anna},
	Date-Added = {2018-01-16 17:33:08 +0000},
	Date-Modified = {2018-01-16 17:33:08 +0000},
	Journal = {Computational Linguistics},
	Number = {4},
	Pages = {665--695},
	Publisher = {MIT Press},
	Title = {Simlex-999: Evaluating semantic models with (genuine) similarity estimation},
	Volume = {41},
	Year = {2015}}

@article{bojanowski2016enriching,
	Author = {Bojanowski, Piotr and Grave, Edouard and Joulin, Armand and Mikolov, Tomas},
	Date-Added = {2018-01-16 17:26:06 +0000},
	Date-Modified = {2018-02-02 03:14:40 +0000},
	Title = {Enriching Word Vectors with Subword Information},
	Year = {2016}}

@article{mikolov2013efficient,
	Author = {Mikolov, Tomas and Chen, Kai and Corrado, Greg and Dean, Jeffrey},
	Date-Added = {2018-01-16 17:22:04 +0000},
	Date-Modified = {2018-02-02 03:14:40 +0000},
	Title = {Efficient estimation of word representations in vector space},
	Year = {2013}}

@article{caliskan2017semantics,
	Author = {Caliskan, Aylin and Bryson, Joanna J and Narayanan, Arvind},
	Date-Added = {2018-01-16 02:38:51 +0000},
	Date-Modified = {2018-01-16 02:38:51 +0000},
	Journal = {Science},
	Number = {6334},
	Pages = {183--186},
	Publisher = {American Association for the Advancement of Science},
	Title = {Semantics derived automatically from language corpora contain human-like biases},
	Volume = {356},
	Year = {2017}}

@article{greenwald2003understanding,
	Author = {Greenwald, Anthony G and Nosek, Brian A and Banaji, Mahzarin R},
	Date-Added = {2018-01-15 21:23:13 +0000},
	Date-Modified = {2018-01-23 23:39:21 +0000},
	Journal = {Journal of personality and social psychology},
	Number = {2},
	Pages = {197},
	Publisher = {American Psychological Association},
	Title = {Understanding and using the {I}mplicit {A}ssociation {T}est: An improved scoring algorithm.},
	Volume = {85},
	Year = {2003}}

@article{greenwald1998measuring,
	Author = {Greenwald, Anthony G and McGhee, Debbie E and Schwartz, Jordan LK},
	Date-Added = {2018-01-15 21:22:20 +0000},
	Date-Modified = {2018-01-15 21:22:20 +0000},
	Journal = {Journal of personality and social psychology},
	Number = {6},
	Pages = {1464},
	Publisher = {American Psychological Association},
	Title = {Measuring individual differences in implicit cognition: the implicit association test.},
	Volume = {74},
	Year = {1998}}

@article{nosek2002harvesting,
	Author = {Nosek, Brian A and Banaji, Mahzarin R and Greenwald, Anthony G},
	Date-Added = {2018-01-15 20:23:31 +0000},
	Date-Modified = {2018-01-15 20:23:31 +0000},
	Journal = {Group Dynamics: Theory, Research, and Practice},
	Number = {1},
	Pages = {101},
	Publisher = {Educational Publishing Foundation},
	Title = {Harvesting implicit group attitudes and beliefs from a demonstration web site.},
	Volume = {6},
	Year = {2002}}

@inproceedings{ChalnickBillman1988a,
	Address = {Hillsdale, NJ},
	Author = {A. Chalnick and D. Billman},
	Booktitle = {Proceedings of the Tenth Annual Conference of the Cognitive Science Society},
	Pages = {510--516},
	Publisher = {Lawrence Erlbaum Associates},
	Title = {Unsupervised learning of correlational structure},
	Year = 1988}

@incollection{Feigenbaum1963a,
	Address = {New York},
	Author = {E. A. Feigenbaum},
	Booktitle = {Computers and thought},
	Editor = {E. A. Feigenbaum and J. Feldman},
	Publisher = {McGraw-Hill},
	Title = {The simulation of verbal learning behavior},
	Year = 1963}

@article{Hill1983a,
	Author = {J. A. C. Hill},
	Journal = {Cognition and Brain Theory},
	Pages = {287--317},
	Title = {A computational model of language acquisition in the two-year old},
	Volume = 6,
	Year = 1983}

@techreport{OhlssonLangley1985a,
	Address = {Pittsburgh, PA},
	Author = {S. Ohlsson and P. Langley},
	Institution = {Carnegie Mellon University, The Robotics Institute},
	Number = {CMU-RI-TR-85-2},
	Title = {Identifying solution paths in cognitive diagnosis},
	Year = 1985}

@phdthesis{Lewis1978a,
	Author = {C. Lewis},
	School = {Department of Psychology, University of Michigan, Ann Arbor},
	Title = {Production system models of practice effects},
	Type = {Doctoral dissertation},
	Year = 1978}

@book{ShragerLangley1990a,
	Address = {San Mateo, CA},
	Editor = {J. Shrager and P. Langley},
	Publisher = {Morgan Kaufmann},
	Title = {Computational models of scientific discovery and theory formation},
	Year = 1990}

@manual{R-base,
	Address = {Vienna, Austria},
	Author = {{R Core Team}},
	Organization = {R Foundation for Statistical Computing},
	Title = {R: A Language and Environment for Statistical Computing},
	Url = {https://www.R-project.org/},
	Year = {2018},
	Bdsk-Url-1 = {https://www.R-project.org/}}

@manual{R-papaja,
	Author = {Frederik Aust and Marius Barth},
	Note = {R package version 0.1.0.9842},
	Title = {{papaja}: {Create} {APA} manuscripts with {R Markdown}},
	Url = {https://github.com/crsh/papaja},
	Year = {2018},
	Bdsk-Url-1 = {https://github.com/crsh/papaja}}

@manual{R-bindrcpp,
	Author = {Kirill M{\"u}ller},
	Note = {R package version 0.2.2},
	Title = {bindrcpp: An 'Rcpp' Interface to Active Bindings},
	Url = {https://CRAN.R-project.org/package=bindrcpp},
	Year = {2018},
	Bdsk-Url-1 = {https://CRAN.R-project.org/package=bindrcpp}}

@manual{R-broom,
	Author = {David Robinson and Alex Hayes},
	Note = {R package version 0.5.0},
	Title = {broom: Convert Statistical Analysis Objects into Tidy Tibbles},
	Url = {https://CRAN.R-project.org/package=broom},
	Year = {2018},
	Bdsk-Url-1 = {https://CRAN.R-project.org/package=broom}}

@manual{R-dplyr,
	Author = {Hadley Wickham and Romain Fran{\c c}ois and Lionel Henry and Kirill M{\"u}ller},
	Note = {R package version 0.7.6},
	Title = {dplyr: A Grammar of Data Manipulation},
	Url = {https://CRAN.R-project.org/package=dplyr},
	Year = {2018},
	Bdsk-Url-1 = {https://CRAN.R-project.org/package=dplyr}}

@manual{R-forcats,
	Author = {Hadley Wickham},
	Note = {R package version 0.3.0},
	Title = {forcats: Tools for Working with Categorical Variables (Factors)},
	Url = {https://CRAN.R-project.org/package=forcats},
	Year = {2018},
	Bdsk-Url-1 = {https://CRAN.R-project.org/package=forcats}}

@book{R-ggplot2,
	Author = {Hadley Wickham},
	Isbn = {978-0-387-98140-6},
	Publisher = {Springer-Verlag New York},
	Title = {ggplot2: Elegant Graphics for Data Analysis},
	Url = {http://ggplot2.org},
	Year = {2009},
	Bdsk-Url-1 = {http://ggplot2.org}}

@manual{R-maps,
	Author = {Original S code by Richard A. Becker and Allan R. Wilks. R version by Ray Brownrigg. Enhancements by Thomas P Minka and Alex Deckmyn.},
	Note = {R package version 3.3.0},
	Title = {maps: Draw Geographical Maps},
	Url = {https://CRAN.R-project.org/package=maps},
	Year = {2018},
	Bdsk-Url-1 = {https://CRAN.R-project.org/package=maps}}

@manual{R-purrr,
	Author = {Lionel Henry and Hadley Wickham},
	Note = {R package version 0.2.5},
	Title = {purrr: Functional Programming Tools},
	Url = {https://CRAN.R-project.org/package=purrr},
	Year = {2018},
	Bdsk-Url-1 = {https://CRAN.R-project.org/package=purrr}}

@manual{R-readr,
	Author = {Hadley Wickham and Jim Hester and Romain Francois},
	Note = {R package version 1.1.1},
	Title = {readr: Read Rectangular Text Data},
	Url = {https://CRAN.R-project.org/package=readr},
	Year = {2017},
	Bdsk-Url-1 = {https://CRAN.R-project.org/package=readr}}

@manual{R-stringr,
	Author = {Hadley Wickham},
	Note = {R package version 1.3.1},
	Title = {stringr: Simple, Consistent Wrappers for Common String Operations},
	Url = {https://CRAN.R-project.org/package=stringr},
	Year = {2018},
	Bdsk-Url-1 = {https://CRAN.R-project.org/package=stringr}}

@manual{R-tibble,
	Author = {Kirill M{\"u}ller and Hadley Wickham},
	Note = {R package version 1.4.2},
	Title = {tibble: Simple Data Frames},
	Url = {https://CRAN.R-project.org/package=tibble},
	Year = {2018},
	Bdsk-Url-1 = {https://CRAN.R-project.org/package=tibble}}

@manual{R-tidyr,
	Author = {Hadley Wickham and Lionel Henry},
	Note = {R package version 0.8.1},
	Title = {tidyr: Easily Tidy Data with 'spread()' and 'gather()' Functions},
	Url = {https://CRAN.R-project.org/package=tidyr},
	Year = {2018},
	Bdsk-Url-1 = {https://CRAN.R-project.org/package=tidyr}}

@manual{R-tidyverse,
	Author = {Hadley Wickham},
	Note = {R package version 1.2.1},
	Title = {tidyverse: Easily Install and Load the 'Tidyverse'},
	Url = {https://CRAN.R-project.org/package=tidyverse},
	Year = {2017},
	Bdsk-Url-1 = {https://CRAN.R-project.org/package=tidyverse}}
@Manual{R-corrr,
  title = {corrr: Correlations in R},
  author = {Simon Jackson},
  year = {2016},
  note = {R package version 0.2.1},
  url = {https://CRAN.R-project.org/package=corrr},
}
@Manual{R-xtable,
  title = {xtable: Export Tables to LaTeX or HTML},
  author = {David B. Dahl},
  year = {2016},
  note = {R package version 1.8-2},
  url = {https://CRAN.R-project.org/package=xtable},
}
