%% This BibTeX bibliography file was created using BibDesk.
%% https://bibdesk.sourceforge.io/

%% Created for Molly Lewis at 2019-11-08 14:57:11 -0500 


%% Saved with string encoding Unicode (UTF-8) 



@article{lewis2019,
	Author = {Lewis, Molly L and Lupyan, Gary},
	Date-Added = {2019-11-08 14:53:49 -0500},
	Date-Modified = {2019-11-08 14:54:22 -0500},
	Title = {What are we learning from language? Associations between gender biases and distributional semantics in 25 languages},
	Year = {under revision}}

@article{vrehuuvrek2011gensim,
	Author = {{\v{R}}eh{\uu}{\v{r}}ek, Radim and Sojka, Petr},
	Date-Added = {2019-11-08 13:43:35 -0500},
	Date-Modified = {2019-11-08 13:43:35 -0500},
	Title = {Gensim---statistical semantics in python}}

@article{hehman2019,
	Author = {Hehman, E. and Calanchini, J., and Flake, J. K., and Leitner, J. B.},
	Date-Added = {2019-06-21 20:27:40 +0000},
	Date-Modified = {2019-06-24 17:31:08 +0000},
	Journal = {Journal of Experimental Psychology: General},
	Number = {6},
	Pages = {1022-1040},
	Title = {Establishing construct validity evidence for regional measures of explicit and implicit racial bias},
	Volume = {148},
	Year = {2019}}

@article{payne2019historical,
	Author = {Payne, B Keith and Vuletich, Heidi A and Brown-Iannuzzi, Jazmin L},
	Date-Added = {2019-06-21 20:25:38 +0000},
	Date-Modified = {2019-06-21 20:25:38 +0000},
	Journal = {Proceedings of the National Academy of Sciences},
	Number = {24},
	Pages = {11693--11698},
	Publisher = {National Acad Sciences},
	Title = {Historical roots of implicit bias in slavery},
	Volume = {116},
	Year = {2019}}

@article{lme4package,
	Author = {Douglas Bates and Martin M{\"a}chler and Ben Bolker and Steve Walker},
	Doi = {10.18637/jss.v067.i01},
	Journal = {Journal of Statistical Software},
	Number = {1},
	Pages = {1--48},
	Title = {Fitting Linear Mixed-Effects Models Using {lme4}},
	Volume = {67},
	Year = {2015},
	Bdsk-Url-1 = {http://dx.doi.org/10.18637/jss.v067.i01}}

@article{kam2017introducing,
	Author = {Kam, Carla L Hudson and Matthewson, Lisa},
	Date-Added = {2019-05-07 21:42:37 +0000},
	Date-Modified = {2019-11-08 14:56:00 -0500},
	Journal = {Journal of child language},
	Number = {6},
	Pages = {1289--1308},
	Publisher = {Cambridge University Press},
	Title = {Introducing the {I}nfant {B}ookreading {D}atabase (IBDb)},
	Volume = {44},
	Year = {2017}}

@article{falk2018relationship,
	Author = {Falk, Armin and Hermle, Johannes},
	Date-Added = {2019-05-07 15:54:44 +0000},
	Date-Modified = {2019-05-07 15:54:44 +0000},
	Journal = {Science},
	Number = {6412},
	Pages = {eaas9899},
	Publisher = {American Association for the Advancement of Science},
	Title = {Relationship of gender differences in preferences to economic development and gender equality},
	Volume = {362},
	Year = {2018}}

@article{davies2008corpus,
	Author = {Davies, Mark},
	Date-Added = {2019-05-03 15:37:30 +0000},
	Date-Modified = {2019-05-03 15:38:10 +0000},
	Title = {The corpus of contemporary {A}merican {E}nglish ({COCA})},
	Volume = {https://corpus.byu.edu/coca/.},
	Year = {2008}}

@book{burnard1995users,
	Author = {Burnard, Lou},
	Date-Added = {2019-05-03 15:33:42 +0000},
	Date-Modified = {2019-05-03 15:33:42 +0000},
	Publisher = {Oxford University Computing Services},
	Title = {Users reference guide for the British National Corpus},
	Year = {1995}}

@article{aiid,
	Author = {Hussey, I and Hughes, S and Lai, C and Ebersole, C. S. and Axt, J and Nosek, Brian A},
	Date-Added = {2019-05-03 15:02:49 +0000},
	Date-Modified = {2019-05-07 14:42:24 +0000},
	Keywords = {https://doi.org/https://osf.io/pcjwf/},
	Note = {https://doi.org/https://osf.io/pcjwf/},
	Title = {{A}ttitudes, {I}dentities, and {I}ndividual Differences ({AIID}) {S}tudy},
	Year = {2019}}

@webpage{cite-key,
	Date-Added = {2019-03-28 13:59:12 +0000},
	Date-Modified = {2019-03-28 14:01:01 +0000}}

@article{rhodes2018subtle,
	Author = {Rhodes, Marjorie and Leslie, Sarah-Jane and Yee, Kathryn M and Saunders, Katya},
	Date-Added = {2019-03-15 17:29:53 +0000},
	Date-Modified = {2019-03-15 17:35:30 +0000},
	Journal = {Psychological Science},
	Publisher = {SAGE Publications Sage CA: Los Angeles, CA},
	Title = {Subtle linguistic cues increase girls' engagement in science},
	Year = {2019}}

@article{lupyan2017wordsascues,
	Author = {Gary Lupyan and Molly Lewis},
	Date-Added = {2019-03-15 15:41:58 +0000},
	Date-Modified = {2019-03-15 15:41:58 +0000},
	Doi = {10.1080/23273798.2017.1404114},
	Journal = {Language, Cognition and Neuroscience},
	Pages = {1-19},
	Publisher = {Routledge},
	Title = {From words-as-mappings to words-as-cues: the role of language in semantic knowledge},
	Year = {2017},
	Bdsk-Url-1 = {http://dx.doi.org/10.1080/23273798.2017.1404114}}

@manual{robmed,
	Author = {Andreas Alfons},
	Date-Added = {2019-02-28 18:28:42 +0000},
	Date-Modified = {2019-02-28 18:29:20 +0000},
	Note = {R package version 0.3.0},
	Title = {robmed: (Robust) Mediation Analysis},
	Url = {https://CRAN.R-project.org/package=robmed},
	Year = {2018},
	Bdsk-Url-1 = {https://CRAN.R-project.org/package=xtable}}

@article{schoemann2017determining,
	Author = {Schoemann, Alexander M and Boulton, Aaron J and Short, Stephen D},
	Date-Added = {2019-02-28 16:55:54 +0000},
	Date-Modified = {2019-02-28 16:55:54 +0000},
	Journal = {Social Psychological and Personality Science},
	Number = {4},
	Pages = {379--386},
	Publisher = {Sage Publications Sage CA: Los Angeles, CA},
	Title = {Determining power and sample size for simple and complex mediation models},
	Volume = {8},
	Year = {2017}}

@article{fritz2007required,
	Author = {Fritz, Matthew S and MacKinnon, David P},
	Date-Added = {2019-02-28 16:24:20 +0000},
	Date-Modified = {2019-02-28 16:24:20 +0000},
	Journal = {Psychological science},
	Number = {3},
	Pages = {233--239},
	Publisher = {SAGE Publications Sage CA: Los Angeles, CA},
	Title = {Required sample size to detect the mediated effect},
	Volume = {18},
	Year = {2007}}

@article{lane2007understanding,
	Author = {Lane, Kristin A and Banaji, Mahzarin R and Nosek, Brian A and Greenwald, Anthony G},
	Date-Added = {2019-02-26 22:03:50 +0000},
	Date-Modified = {2019-05-06 20:24:15 +0000},
	Journal = {Implicit measures of attitudes},
	Pages = {59--102},
	Publisher = {New York: Guilford},
	Title = {Understanding and using the {I}mplicit {A}ssociation {T}est: IV},
	Year = {2007}}

@article{oswald2013predicting,
	Author = {Oswald, Frederick L and Mitchell, Gregory and Blanton, Hart and Jaccard, James and Tetlock, Philip E},
	Date-Added = {2019-02-26 21:37:12 +0000},
	Date-Modified = {2019-02-26 21:37:12 +0000},
	Journal = {Journal of personality and social psychology},
	Number = {2},
	Pages = {171},
	Publisher = {American Psychological Association},
	Title = {Predicting ethnic and racial discrimination: A meta-analysis of IAT criterion studies.},
	Volume = {105},
	Year = {2013}}

@article{fazio2003implicit,
	Author = {Fazio, Russell H and Olson, Michael A},
	Date-Added = {2019-02-26 21:24:07 +0000},
	Date-Modified = {2019-02-26 21:24:07 +0000},
	Journal = {Annual Review of Psychology},
	Number = {1},
	Pages = {297--327},
	Publisher = {Annual Reviews 4139 El Camino Way, PO Box 10139, Palo Alto, CA 94303-0139, USA},
	Title = {Implicit measures in social cognition research: Their meaning and use},
	Volume = {54},
	Year = {2003}}

@article{silverstein1981limits,
	Author = {Silverstein, Michael},
	Date-Added = {2019-02-26 19:53:27 +0000},
	Date-Modified = {2019-02-26 20:10:03 +0000},
	Journal = {Sociolinguistic Working Paper Number 84},
	Publisher = {ERIC},
	Title = {The Limits of Awareness},
	Year = {1981}}

@article{mehl2007women,
	Author = {Mehl, Matthias R and Vazire, Simine and Ram{\'\i}rez-Esparza, Nair{\'a}n and Slatcher, Richard B and Pennebaker, James W},
	Date-Added = {2019-02-26 19:26:22 +0000},
	Date-Modified = {2019-02-26 19:26:22 +0000},
	Journal = {Science},
	Number = {5834},
	Pages = {82--82},
	Publisher = {American Association for the Advancement of Science},
	Title = {Are women really more talkative than men?},
	Volume = {317},
	Year = {2007}}

@article{lund1996producing,
	Author = {Lund, Kevin and Burgess, Curt},
	Date-Added = {2019-02-25 18:03:35 +0000},
	Date-Modified = {2019-02-25 18:03:35 +0000},
	Journal = {Behavior Research Methods, Instruments, \& Computers},
	Number = {2},
	Pages = {203--208},
	Publisher = {Springer},
	Title = {Producing high-dimensional semantic spaces from lexical co-occurrence},
	Volume = {28},
	Year = {1996}}

@article{landauer1997solution,
	Author = {Landauer, Thomas K and Dumais, Susan T},
	Date-Added = {2019-02-25 18:02:40 +0000},
	Date-Modified = {2019-05-06 18:48:01 +0000},
	Journal = {Psychological Review},
	Number = {2},
	Pages = {211},
	Publisher = {American Psychological Association},
	Title = {A solution to {P}lato's problem: The latent semantic analysis theory of acquisition, induction, and representation of knowledge.},
	Volume = {104},
	Year = {1997}}

@article{misersky2014norms,
	Author = {Misersky, Julia and Gygax, Pascal M and Canal, Paolo and Gabriel, Ute and Garnham, Alan and Braun, Friederike and Chiarini, Tania and Englund, Kjellrun and Hanulikova, Adriana and {\"O}ttl, Anton and others},
	Date-Added = {2019-02-20 17:38:18 +0000},
	Date-Modified = {2019-02-20 21:41:31 +0000},
	Journal = {Behavior Research Methods},
	Number = {3},
	Pages = {841--871},
	Publisher = {Springer},
	Title = {Norms on the gender perception of role nouns in {C}zech, {E}nglish, {F}rench, {G}erman, {I}talian, {N}orwegian, and {S}lovak},
	Volume = {46},
	Year = {2014}}

@inproceedings{lison,
	Author = {Lison, P. and Tiedemann, J.},
	Booktitle = {Proceedings of the 10th {I}nternational {C}onference on {L}anguage {R}esources and {E}valuation},
	Date-Added = {2018-11-06 18:17:47 +0000},
	Date-Modified = {2019-02-26 20:12:04 +0000},
	Title = {OpenSubtitles2016: Extracting Large Parallel Corpora from Movie and {TV} Subtitles},
	Year = {2016}}

@article{vanparidon,
	Author = {Van Paridon, J. and Thompson, B.},
	Date-Added = {2018-11-06 18:13:49 +0000},
	Date-Modified = {2019-03-15 20:14:13 +0000},
	Title = {Sub2Vec: Word Embeddings from {O}pen{S}ubtitles in 62 Languages},
	Year = {in prep.}}

@misc{simons2018,
	Address = {Dallas, Texas},
	Booktitle = {Twenty-first edition},
	Date-Added = {2018-10-30 17:54:35 +0000},
	Date-Modified = {2019-02-27 19:48:01 +0000},
	Editor = {Simons, G. F. and Charles, D. F.},
	Organization = {Online version: http://www.ethnologue.com.},
	Publisher = {SIL International.},
	Title = {Ethnologue: Languages of the World},
	Year = {2018}}

@book{:ab,
	Date-Added = {2018-10-30 17:54:20 +0000},
	Date-Modified = {2018-10-30 17:54:20 +0000},
	Bdsk-File-1 = {YnBsaXN0MDDSAQIDBFxyZWxhdGl2ZVBhdGhZYWxpYXNEYXRhXxBeLi4vLi4vLi4vLi4vLi4vLi4vLi4vTGlicmFyeS9DYWNoZXMvTWV0YWRhdGEvZWR1LnVjc2QuY3MubW1jY3JhY2suYmliZGVzay9nb3Jkb24yMDA1LmJkc2tjYWNoZU8RAhYAAAAAAhYAAgAADE1hY2ludG9zaCBIRAAAAAAAAAAAAAAAAAAAANSbip1IKwAAAFi5ThRnb3Jkb24yMDA1LmJkc2tjYWNoZQAAAAAAAAAAAAAAAAAAAAAAAAAAAAAAAAAAAAAAAAAAAAAAAAAAAAAAAAAAar7O1iJGBQAAAAAAAAAAAAcABQAACSAAAAAAAAAAAAAAAAAAAAAcZWR1LnVjc2QuY3MubW1jY3JhY2suYmliZGVzawAQAAgAANSb3v0AAAARAAgAANYijFUAAAABABgAWLlOAFLyYQAJpz8ACac+AAmnOQAGYjYAAgBtTWFjaW50b3NoIEhEOlVzZXJzOgBtb2xseWxld2lzOgBMaWJyYXJ5OgBDYWNoZXM6AE1ldGFkYXRhOgBlZHUudWNzZC5jcy5tbWNjcmFjay5iaWJkZXNrOgBnb3Jkb24yMDA1LmJkc2tjYWNoZQAADgAqABQAZwBvAHIAZABvAG4AMgAwADAANQAuAGIAZABzAGsAYwBhAGMAaABlAA8AGgAMAE0AYQBjAGkAbgB0AG8AcwBoACAASABEABIAWlVzZXJzL21vbGx5bGV3aXMvTGlicmFyeS9DYWNoZXMvTWV0YWRhdGEvZWR1LnVjc2QuY3MubW1jY3JhY2suYmliZGVzay9nb3Jkb24yMDA1LmJkc2tjYWNoZQATAAEvAAAVAAIAEf//AAAACAANABoAJACFAAAAAAAAAgEAAAAAAAAABQAAAAAAAAAAAAAAAAAAAp8=}}

@book{:aa,
	Date-Added = {2018-10-30 17:54:04 +0000},
	Date-Modified = {2018-10-30 17:54:04 +0000},
	Bdsk-File-1 = {YnBsaXN0MDDSAQIDBFxyZWxhdGl2ZVBhdGhZYWxpYXNEYXRhXxBeLi4vLi4vLi4vLi4vLi4vLi4vLi4vTGlicmFyeS9DYWNoZXMvTWV0YWRhdGEvZWR1LnVjc2QuY3MubW1jY3JhY2suYmliZGVzay9nb3Jkb24yMDA1LmJkc2tjYWNoZU8RAhYAAAAAAhYAAgAADE1hY2ludG9zaCBIRAAAAAAAAAAAAAAAAAAAANSbip1IKwAAAFi5ThRnb3Jkb24yMDA1LmJkc2tjYWNoZQAAAAAAAAAAAAAAAAAAAAAAAAAAAAAAAAAAAAAAAAAAAAAAAAAAAAAAAAAAar7O1iJGBQAAAAAAAAAAAAcABQAACSAAAAAAAAAAAAAAAAAAAAAcZWR1LnVjc2QuY3MubW1jY3JhY2suYmliZGVzawAQAAgAANSb3v0AAAARAAgAANYijFUAAAABABgAWLlOAFLyYQAJpz8ACac+AAmnOQAGYjYAAgBtTWFjaW50b3NoIEhEOlVzZXJzOgBtb2xseWxld2lzOgBMaWJyYXJ5OgBDYWNoZXM6AE1ldGFkYXRhOgBlZHUudWNzZC5jcy5tbWNjcmFjay5iaWJkZXNrOgBnb3Jkb24yMDA1LmJkc2tjYWNoZQAADgAqABQAZwBvAHIAZABvAG4AMgAwADAANQAuAGIAZABzAGsAYwBhAGMAaABlAA8AGgAMAE0AYQBjAGkAbgB0AG8AcwBoACAASABEABIAWlVzZXJzL21vbGx5bGV3aXMvTGlicmFyeS9DYWNoZXMvTWV0YWRhdGEvZWR1LnVjc2QuY3MubW1jY3JhY2suYmliZGVzay9nb3Jkb24yMDA1LmJkc2tjYWNoZQATAAEvAAAVAAIAEf//AAAACAANABoAJACFAAAAAAAAAgEAAAAAAAAABQAAAAAAAAAAAAAAAAAAAp8=}}

@article{leslie2015expectations,
	Author = {Leslie, Sarah-Jane and Cimpian, Andrei and Meyer, Meredith and Freeland, Edward},
	Date-Added = {2018-10-30 16:59:42 +0000},
	Date-Modified = {2018-10-30 16:59:42 +0000},
	Journal = {Science},
	Number = {6219},
	Pages = {262--265},
	Publisher = {American Association for the Advancement of Science},
	Title = {Expectations of brilliance underlie gender distributions across academic disciplines},
	Volume = {347},
	Year = {2015}}

@article{bian2017gender,
	Author = {Bian, Lin and Leslie, Sarah-Jane and Cimpian, Andrei},
	Date-Added = {2018-10-30 16:56:30 +0000},
	Date-Modified = {2018-10-30 16:56:30 +0000},
	Journal = {Science},
	Number = {6323},
	Pages = {389--391},
	Publisher = {American Association for the Advancement of Science},
	Title = {Gender stereotypes about intellectual ability emerge early and influence children's interests},
	Volume = {355},
	Year = {2017}}

@article{ceci2011understanding,
	Author = {Ceci, Stephen J and Williams, Wendy M},
	Date-Added = {2018-10-30 16:26:15 +0000},
	Date-Modified = {2019-03-15 19:06:05 +0000},
	Journal = {Proceedings of the National Academy of Sciences},
	Pages = {3157-3162},
	Publisher = {National Acad Sciences},
	Title = {Understanding current causes of women's underrepresentation in science},
	Year = {2011}}

@article{rhodes2008preschoolers,
	Author = {Rhodes, Marjorie and Brickman, Daniel},
	Date-Added = {2018-10-30 16:04:50 +0000},
	Date-Modified = {2018-10-30 16:04:50 +0000},
	Journal = {Psychological Science},
	Number = {10},
	Pages = {968--972},
	Publisher = {SAGE Publications Sage CA: Los Angeles, CA},
	Title = {Preschoolers' responses to social comparisons involving relative failure},
	Volume = {19},
	Year = {2008}}

@article{cimpian2012good,
	Author = {Cimpian, Andrei and Mu, Yan and Erickson, Lucy C},
	Date-Added = {2018-10-30 15:58:44 +0000},
	Date-Modified = {2018-10-30 15:58:44 +0000},
	Journal = {Psychological Science},
	Number = {5},
	Pages = {533--541},
	Publisher = {Sage Publications Sage CA: Los Angeles, CA},
	Title = {Who is good at this game? Linking an activity to a social category undermines children's achievement},
	Volume = {23},
	Year = {2012}}

@article{gelman2004mother,
	Author = {Gelman, Susan A and Taylor, Marianne G and Nguyen, Simone P and Leaper, Campbell and Bigler, Rebecca S},
	Date-Added = {2018-10-29 22:49:02 +0000},
	Date-Modified = {2018-10-29 22:49:02 +0000},
	Journal = {Monographs of the Society for Research in Child Development},
	Pages = {i--142},
	Publisher = {JSTOR},
	Title = {Mother-child conversations about gender: Understanding the acquisition of essentialist beliefs},
	Year = {2004}}

@article{cimpian2011generic,
	Author = {Cimpian, Andrei and Markman, Ellen M},
	Date-Added = {2018-10-29 18:05:53 +0000},
	Date-Modified = {2018-10-29 18:05:53 +0000},
	Journal = {Child Development},
	Number = {2},
	Pages = {471--492},
	Publisher = {Wiley Online Library},
	Title = {The generic/nongeneric distinction influences how children interpret new information about social others},
	Volume = {82},
	Year = {2011}}

@article{joulin2016bag,
	Author = {Joulin, Armand and Grave, Edouard and Bojanowski, Piotr and Mikolov, Tomas},
	Date-Added = {2018-09-26 18:28:20 +0000},
	Date-Modified = {2018-09-26 18:28:20 +0000},
	Journal = {arXiv preprint arXiv:1607.01759},
	Title = {Bag of tricks for efficient text classification},
	Year = {2016}}

@article{scott2018glasgow,
	Author = {Scott, Graham G and Keitel, Anne and Becirspahic, Marc and Yao, Bo and Sereno, Sara C},
	Date-Added = {2018-09-26 18:15:45 +0000},
	Date-Modified = {2018-11-15 19:39:49 +0000},
	Journal = {Behavior Research Methods},
	Pages = {1--13},
	Publisher = {Springer},
	Title = {The {G}lasgow {N}orms: Ratings of 5,500 words on nine scales},
	Year = {2018}}

@article{stoet2018gender,
	Author = {Stoet, Gijsbert and Geary, David C},
	Date-Added = {2018-09-25 21:17:57 +0000},
	Date-Modified = {2018-09-25 21:17:57 +0000},
	Journal = {Psychological Science},
	Number = {4},
	Pages = {581--593},
	Publisher = {SAGE Publications Sage CA: Los Angeles, CA},
	Title = {The gender-equality paradox in science, technology, engineering, and mathematics education},
	Volume = {29},
	Year = {2018}}

@article{miller2015women,
	Author = {Miller, David I and Eagly, Alice H and Linn, Marcia C},
	Date-Added = {2018-09-25 19:43:22 +0000},
	Date-Modified = {2018-09-25 19:43:22 +0000},
	Journal = {Journal of Educational Psychology},
	Number = {3},
	Pages = {631},
	Publisher = {American Psychological Association},
	Title = {Women's representation in science predicts national gender-science stereotypes: Evidence from 66 nations.},
	Volume = {107},
	Year = {2015}}

@article{loftus1974reconstruction,
	Author = {Loftus, Elizabeth F and Palmer, John C},
	Date-Added = {2018-01-30 19:53:57 +0000},
	Date-Modified = {2018-01-30 19:53:57 +0000},
	Journal = {Journal of verbal learning and verbal behavior},
	Number = {5},
	Pages = {585--589},
	Publisher = {Elsevier},
	Title = {Reconstruction of automobile destruction: An example of the interaction between language and memory},
	Volume = {13},
	Year = {1974}}

@article{lenci2008distributional,
	Author = {Lenci, Alessandro},
	Journal = {Italian Journal of Linguistics},
	Number = {1},
	Pages = {1--31},
	Title = {Distributional semantics in linguistic and cognitive research},
	Volume = {20},
	Year = {2008}}

@article{forscher2016meta,
	Author = {Forscher, Patrick S and Lai, Calvin and Axt, Jordan and Ebersole, Charles R and Herman, Michelle and Devine, Patricia G and Nosek, Brian A},
	Date-Added = {2018-01-30 16:49:13 +0000},
	Date-Modified = {2018-01-30 16:49:13 +0000},
	Publisher = {PsyArXiv},
	Title = {A meta-analysis of change in implicit bias},
	Year = {2016}}

@book{epi,
	Date-Added = {2018-01-29 00:08:38 +0000},
	Date-Modified = {2018-01-30 19:49:52 +0000},
	Title = {EF {E}nglish {P}roficiency {I}ndex},
	Url = {https://www.ef.edu/epi/},
	Year = {2017},
	Bdsk-Url-1 = {https://www.ef.edu/epi/}}

@article{master2012thinking,
	Author = {Master, Allison and Markman, Ellen and Dweck, Carol},
	Date-Added = {2018-01-26 17:51:27 +0000},
	Date-Modified = {2018-02-02 03:22:53 +0000},
	Journal = {Child development},
	Number = {4},
	Publisher = {Wiley Online Library},
	Title = {Thinking in categories or along a continuum: Consequences for children's social judgments},
	Volume = {83},
	Year = {2012}}

@article{boroditsky2001does,
	Author = {Boroditsky, Lera},
	Date-Added = {2018-01-26 17:49:05 +0000},
	Date-Modified = {2018-10-09 16:13:36 +0000},
	Journal = {Cognitive psychology},
	Number = {1},
	Pages = {1--22},
	Publisher = {Elsevier},
	Title = {Does language shape thought?: {M}andarin and {E}nglish speakers' conceptions of time},
	Volume = {43},
	Year = {2001}}

@article{fausey2010subtle,
	Author = {Fausey, Caitlin M and Boroditsky, Lera},
	Date-Added = {2018-01-26 00:30:56 +0000},
	Date-Modified = {2018-01-26 00:30:56 +0000},
	Journal = {Psychonomic Bulletin \& Review},
	Number = {5},
	Pages = {644--650},
	Publisher = {Springer},
	Title = {Subtle linguistic cues influence perceived blame and financial liability},
	Volume = {17},
	Year = {2010}}

@article{tversky1981framing,
	Author = {Tversky, Amos and Kahneman, Daniel},
	Date-Added = {2018-01-26 00:28:14 +0000},
	Date-Modified = {2018-01-26 00:28:14 +0000},
	Journal = {Science},
	Number = {4481},
	Pages = {453--458},
	Publisher = {American Association for the Advancement of Science},
	Title = {The framing of decisions and the psychology of choice},
	Volume = {211},
	Year = {1981}}

@article{sera1994grammatical,
	Author = {Sera, Maria D and Berge, Christian AH and del Castillo Pintado, Javier},
	Date-Added = {2018-01-25 23:38:21 +0000},
	Date-Modified = {2018-02-02 03:03:09 +0000},
	Journal = {Cognitive Development},
	Number = {3},
	Pages = {261--292},
	Publisher = {Elsevier},
	Title = {Grammatical and conceptual forces in the attribution of gender by {E}nglish and {S}panish speakers},
	Volume = {9},
	Year = {1994}}

@article{kurinski2016spanish,
	Author = {Kurinski, Elena and Jambor, Em{\H{o}}ke and Sera, Maria D},
	Date-Added = {2018-01-25 23:37:31 +0000},
	Date-Modified = {2018-01-25 23:37:31 +0000},
	Journal = {International Journal of Bilingualism},
	Number = {1},
	Pages = {76--93},
	Publisher = {SAGE Publications Sage UK: London, England},
	Title = {Spanish grammatical gender: Its effects on categorization in native Hungarian speakers},
	Volume = {20},
	Year = {2016}}

@inproceedings{phillips2003can,
	Author = {Phillips, Webb and Boroditsky, Lera},
	Booktitle = {Proceedings of the 25th {A}nnual {M}eeting of the {C}ognitive {S}cience {S}ociety},
	Date-Added = {2018-01-25 23:37:00 +0000},
	Date-Modified = {2018-02-02 03:02:51 +0000},
	Pages = {928--933},
	Title = {Can quirks of grammar affect the way you think? Grammatical gender and object concepts},
	Year = {2003}}

@article{whorf1945grammatical,
	Author = {Whorf, Benjamin},
	Date-Added = {2018-01-25 22:28:37 +0000},
	Date-Modified = {2018-02-02 03:14:21 +0000},
	Journal = {Language},
	Pages = {1--11},
	Publisher = {JSTOR},
	Title = {Grammatical categories},
	Year = {1945}}

@book{corbett1991,
	Address = {Cambridge},
	Author = {Corbett, Greville G.},
	Date-Added = {2018-01-25 16:53:04 +0000},
	Date-Modified = {2018-01-25 16:53:14 +0000},
	Iso_Code = {zne; ket; gry; lbe; ojg; rus; aar; aqc; swh},
	Olac_Field = {typology; general_linguistics; syntax; semantics},
	Publisher = {Cambridge University Press.},
	Title = {Gender},
	Wals_Code = {arc; ket; lak; oji; grb; zan; swa; rus; qaf},
	Year = {1991}}

@article{oswald2013predicting,
	Author = {Oswald, Frederick L and Mitchell, Gregory and Blanton, Hart and Jaccard, James and Tetlock, Philip E},
	Date-Added = {2018-01-23 21:47:27 +0000},
	Date-Modified = {2018-01-23 21:47:27 +0000},
	Journal = {Journal of personality and social psychology},
	Number = {2},
	Pages = {171},
	Publisher = {American Psychological Association},
	Title = {Predicting ethnic and racial discrimination: A meta-analysis of IAT criterion studies.},
	Volume = {105},
	Year = {2013}}

@book{wals,
	Address = {Leipzig},
	Date-Added = {2018-01-23 20:21:05 +0000},
	Date-Modified = {2018-01-23 20:21:05 +0000},
	Editor = {Matthew S. Dryer and Martin Haspelmath},
	Publisher = {Max Planck Institute for Evolutionary Anthropology},
	Title = {WALS Online},
	Url = {http://wals.info/},
	Year = {2013},
	Bdsk-Url-1 = {http://wals.info/}}

@article{chen2017evaluating,
	Author = {Chen, Dawn and Peterson, Joshua C and Griffiths, Thomas L},
	Date-Added = {2018-01-23 18:27:05 +0000},
	Date-Modified = {2018-01-24 18:18:36 +0000},
	Journal = {arXiv preprint arXiv:1705.04416},
	Title = {Evaluating vector-space models of analogy},
	Year = {2017}}

@webpage{wps,
	Date-Added = {2018-01-19 20:45:02 +0000},
	Date-Modified = {2018-02-02 03:22:53 +0000},
	Title = {Women, {P}eace and {S}ecurity {I}ndex},
	Url = {https://giwps.georgetown.edu/},
	Year = {2017},
	Bdsk-Url-1 = {https://giwps.georgetown.edu/}}

@article{ciafactbook,
	Author = {{CIA}},
	Date-Added = {2018-01-17 22:56:06 +0000},
	Date-Modified = {2019-03-15 17:17:51 +0000},
	Title = {The {W}orld {F}actbook},
	Volume = {https://www.cia.gov/library/publications/the-world-factbook/index.html},
	Year = {2017},
	Bdsk-Url-1 = {ttps://www.cia.gov/library/publications/the-world-factbook/index.html}}

@misc{firth1957synopsis,
	Author = {Firth, JR},
	Date-Added = {2018-01-16 20:04:20 +0000},
	Date-Modified = {2019-03-12 18:03:03 +0000},
	Publisher = {Oxford.},
	Title = {A Synopsis of Linguistic Theory 1930-1955 in Studies in Linguistic Analysis, {P}hilological {S}ociety},
	Year = {1957}}

@article{hill2015simlex,
	Author = {Hill, Felix and Reichart, Roi and Korhonen, Anna},
	Date-Added = {2018-01-16 17:33:08 +0000},
	Date-Modified = {2018-01-16 17:33:08 +0000},
	Journal = {Computational Linguistics},
	Number = {4},
	Pages = {665--695},
	Publisher = {MIT Press},
	Title = {Simlex-999: Evaluating semantic models with (genuine) similarity estimation},
	Volume = {41},
	Year = {2015}}

@article{bojanowski2016enriching,
	Author = {Bojanowski, Piotr and Grave, Edouard and Joulin, Armand and Mikolov, Tomas},
	Date-Added = {2018-01-16 17:26:06 +0000},
	Date-Modified = {2018-02-02 03:14:40 +0000},
	Title = {Enriching Word Vectors with Subword Information},
	Year = {2016}}

@article{mikolov2013efficient,
	Author = {Mikolov, Tomas and Chen, Kai and Corrado, Greg and Dean, Jeffrey},
	Date-Added = {2018-01-16 17:22:04 +0000},
	Date-Modified = {2018-02-02 03:14:40 +0000},
	Title = {Efficient estimation of word representations in vector space},
	Year = {2013}}

@article{caliskan2017semantics,
	Author = {Caliskan, Aylin and Bryson, Joanna J and Narayanan, Arvind},
	Date-Added = {2018-01-16 02:38:51 +0000},
	Date-Modified = {2018-01-16 02:38:51 +0000},
	Journal = {Science},
	Number = {6334},
	Pages = {183--186},
	Publisher = {American Association for the Advancement of Science},
	Title = {Semantics derived automatically from language corpora contain human-like biases},
	Volume = {356},
	Year = {2017}}

@article{greenwald2003understanding,
	Author = {Greenwald, Anthony G and Nosek, Brian A and Banaji, Mahzarin R},
	Date-Added = {2018-01-15 21:23:13 +0000},
	Date-Modified = {2018-01-23 23:39:21 +0000},
	Journal = {Journal of Personality and Social Psychology},
	Number = {2},
	Pages = {197},
	Publisher = {American Psychological Association},
	Title = {Understanding and using the {I}mplicit {A}ssociation {T}est: An improved scoring algorithm.},
	Volume = {85},
	Year = {2003}}

@article{greenwald1998measuring,
	Author = {Greenwald, Anthony G and McGhee, Debbie E and Schwartz, Jordan LK},
	Date-Added = {2018-01-15 21:22:20 +0000},
	Date-Modified = {2019-03-12 18:02:31 +0000},
	Journal = {Journal of Personality and Social Psychology},
	Number = {6},
	Pages = {1464},
	Publisher = {American Psychological Association},
	Title = {Measuring individual differences in implicit cognition: the {I}mplicit {A}ssociation {T}est.},
	Volume = {74},
	Year = {1998}}

@article{nosek2002harvesting,
	Author = {Nosek, Brian A and Banaji, Mahzarin R and Greenwald, Anthony G},
	Date-Added = {2018-01-15 20:23:31 +0000},
	Date-Modified = {2018-01-15 20:23:31 +0000},
	Journal = {Group Dynamics: Theory, Research, and Practice},
	Number = {1},
	Pages = {101},
	Publisher = {Educational Publishing Foundation},
	Title = {Harvesting implicit group attitudes and beliefs from a demonstration web site.},
	Volume = {6},
	Year = {2002}}

@inproceedings{ChalnickBillman1988a,
	Address = {Hillsdale, NJ},
	Author = {A. Chalnick and D. Billman},
	Booktitle = {Proceedings of the Tenth Annual Conference of the Cognitive Science Society},
	Pages = {510--516},
	Publisher = {Lawrence Erlbaum Associates},
	Title = {Unsupervised learning of correlational structure},
	Year = 1988}

@incollection{Feigenbaum1963a,
	Address = {New York},
	Author = {E. A. Feigenbaum},
	Booktitle = {Computers and thought},
	Editor = {E. A. Feigenbaum and J. Feldman},
	Publisher = {McGraw-Hill},
	Title = {The simulation of verbal learning behavior},
	Year = 1963}

@article{Hill1983a,
	Author = {J. A. C. Hill},
	Journal = {Cognition and Brain Theory},
	Pages = {287--317},
	Title = {A computational model of language acquisition in the two-year old},
	Volume = 6,
	Year = 1983}

@techreport{OhlssonLangley1985a,
	Address = {Pittsburgh, PA},
	Author = {S. Ohlsson and P. Langley},
	Institution = {Carnegie Mellon University, The Robotics Institute},
	Number = {CMU-RI-TR-85-2},
	Title = {Identifying solution paths in cognitive diagnosis},
	Year = 1985}

@phdthesis{Lewis1978a,
	Author = {C. Lewis},
	School = {Department of Psychology, University of Michigan, Ann Arbor},
	Title = {Production system models of practice effects},
	Type = {Doctoral dissertation},
	Year = 1978}

@book{ShragerLangley1990a,
	Address = {San Mateo, CA},
	Editor = {J. Shrager and P. Langley},
	Publisher = {Morgan Kaufmann},
	Title = {Computational models of scientific discovery and theory formation},
	Year = 1990}

@manual{R-base,
	Address = {Vienna, Austria},
	Author = {{R Core Team}},
	Organization = {R Foundation for Statistical Computing},
	Title = {R: A Language and Environment for Statistical Computing},
	Url = {https://www.R-project.org/},
	Year = {2018},
	Bdsk-Url-1 = {https://www.R-project.org/}}

@manual{R-papaja,
	Author = {Frederik Aust and Marius Barth},
	Note = {R package version 0.1.0.9842},
	Title = {{papaja}: {Create} {APA} manuscripts with {R Markdown}},
	Url = {https://github.com/crsh/papaja},
	Year = {2018},
	Bdsk-Url-1 = {https://github.com/crsh/papaja}}

@manual{R-bindrcpp,
	Author = {Kirill M{\"u}ller},
	Note = {R package version 0.2.2},
	Title = {bindrcpp: An 'Rcpp' Interface to Active Bindings},
	Url = {https://CRAN.R-project.org/package=bindrcpp},
	Year = {2018},
	Bdsk-Url-1 = {https://CRAN.R-project.org/package=bindrcpp}}

@manual{R-broom,
	Author = {David Robinson and Alex Hayes},
	Note = {R package version 0.5.0},
	Title = {broom: Convert Statistical Analysis Objects into Tidy Tibbles},
	Url = {https://CRAN.R-project.org/package=broom},
	Year = {2018},
	Bdsk-Url-1 = {https://CRAN.R-project.org/package=broom}}

@manual{R-dplyr,
	Author = {Hadley Wickham and Romain Fran{\c c}ois and Lionel Henry and Kirill M{\"u}ller},
	Note = {R package version 0.7.6},
	Title = {dplyr: A Grammar of Data Manipulation},
	Url = {https://CRAN.R-project.org/package=dplyr},
	Year = {2018},
	Bdsk-Url-1 = {https://CRAN.R-project.org/package=dplyr}}

@manual{R-forcats,
	Author = {Hadley Wickham},
	Note = {R package version 0.3.0},
	Title = {forcats: Tools for Working with Categorical Variables (Factors)},
	Url = {https://CRAN.R-project.org/package=forcats},
	Year = {2018},
	Bdsk-Url-1 = {https://CRAN.R-project.org/package=forcats}}

@book{R-ggplot2,
	Author = {Hadley Wickham},
	Isbn = {978-0-387-98140-6},
	Publisher = {Springer-Verlag New York},
	Title = {ggplot2: Elegant Graphics for Data Analysis},
	Url = {http://ggplot2.org},
	Year = {2009},
	Bdsk-Url-1 = {http://ggplot2.org}}

@manual{R-maps,
	Author = {Original S code by Richard A. Becker and Allan R. Wilks. R version by Ray Brownrigg. Enhancements by Thomas P Minka and Alex Deckmyn.},
	Note = {R package version 3.3.0},
	Title = {maps: Draw Geographical Maps},
	Url = {https://CRAN.R-project.org/package=maps},
	Year = {2018},
	Bdsk-Url-1 = {https://CRAN.R-project.org/package=maps}}

@manual{R-purrr,
	Author = {Lionel Henry and Hadley Wickham},
	Note = {R package version 0.2.5},
	Title = {purrr: Functional Programming Tools},
	Url = {https://CRAN.R-project.org/package=purrr},
	Year = {2018},
	Bdsk-Url-1 = {https://CRAN.R-project.org/package=purrr}}

@manual{R-readr,
	Author = {Hadley Wickham and Jim Hester and Romain Francois},
	Note = {R package version 1.1.1},
	Title = {readr: Read Rectangular Text Data},
	Url = {https://CRAN.R-project.org/package=readr},
	Year = {2017},
	Bdsk-Url-1 = {https://CRAN.R-project.org/package=readr}}

@manual{R-stringr,
	Author = {Hadley Wickham},
	Note = {R package version 1.3.1},
	Title = {stringr: Simple, Consistent Wrappers for Common String Operations},
	Url = {https://CRAN.R-project.org/package=stringr},
	Year = {2018},
	Bdsk-Url-1 = {https://CRAN.R-project.org/package=stringr}}

@manual{R-tibble,
	Author = {Kirill M{\"u}ller and Hadley Wickham},
	Note = {R package version 1.4.2},
	Title = {tibble: Simple Data Frames},
	Url = {https://CRAN.R-project.org/package=tibble},
	Year = {2018},
	Bdsk-Url-1 = {https://CRAN.R-project.org/package=tibble}}

@manual{R-tidyr,
	Author = {Hadley Wickham and Lionel Henry},
	Note = {R package version 0.8.1},
	Title = {tidyr: Easily Tidy Data with 'spread()' and 'gather()' Functions},
	Url = {https://CRAN.R-project.org/package=tidyr},
	Year = {2018},
	Bdsk-Url-1 = {https://CRAN.R-project.org/package=tidyr}}

@manual{R-tidyverse,
	Author = {Hadley Wickham},
	Note = {R package version 1.2.1},
	Title = {tidyverse: Easily Install and Load the 'Tidyverse'},
	Url = {https://CRAN.R-project.org/package=tidyverse},
	Year = {2017},
	Bdsk-Url-1 = {https://CRAN.R-project.org/package=tidyverse}}

@manual{R-corrr,
	Author = {Simon Jackson},
	Note = {R package version 0.2.1},
	Title = {corrr: Correlations in R},
	Url = {https://CRAN.R-project.org/package=corrr},
	Year = {2016},
	Bdsk-Url-1 = {https://CRAN.R-project.org/package=corrr}}

@manual{R-xtable,
	Author = {David B. Dahl},
	Note = {R package version 1.8-2},
	Title = {xtable: Export Tables to LaTeX or HTML},
	Url = {https://CRAN.R-project.org/package=xtable},
	Year = {2016},
	Bdsk-Url-1 = {https://CRAN.R-project.org/package=xtable}}

@manual{R-here,
	Author = {Kirill M{\"u}ller},
	Note = {R package version 0.1},
	Title = {here: A Simpler Way to Find Your Files},
	Url = {https://CRAN.R-project.org/package=here},
	Year = {2017},
	Bdsk-Url-1 = {https://CRAN.R-project.org/package=here}}

@manual{R-kableExtra,
	Author = {Hao Zhu},
	Note = {R package version 0.8.0},
	Title = {kableExtra: Construct Complex Table with 'kable' and Pipe Syntax},
	Url = {https://CRAN.R-project.org/package=kableExtra},
	Year = {2018},
	Bdsk-Url-1 = {https://CRAN.R-project.org/package=kableExtra}}

@book{R-knitr,
	Address = {Boca Raton, Florida},
	Author = {Yihui Xie},
	Edition = {2nd},
	Note = {ISBN 978-1498716963},
	Publisher = {Chapman and Hall/CRC},
	Title = {Dynamic Documents with {R} and knitr},
	Url = {https://yihui.name/knitr/},
	Year = {2015},
	Bdsk-Url-1 = {https://yihui.name/knitr/}}

@manual{R-data.table,
	Author = {Matt Dowle and Arun Srinivasan},
	Note = {R package version 1.11.0},
	Title = {data.table: Extension of `data.frame`},
	Url = {https://CRAN.R-project.org/package=data.table},
	Year = {2018},
	Bdsk-Url-1 = {https://CRAN.R-project.org/package=data.table}}

@manual{R-feather,
	Author = {Hadley Wickham},
	Note = {R package version 0.3.1},
	Title = {feather: R Bindings to the Feather 'API'},
	Url = {https://CRAN.R-project.org/package=feather},
	Year = {2016},
	Bdsk-Url-1 = {https://CRAN.R-project.org/package=feather}}

@manual{R-langcog,
	Author = {Mika Braginsky and Dan Yurovsky and Michael Frank},
	Note = {R package version 0.1.9001},
	Title = {langcog: Language and Cognition Lab Things},
	Url = {http://github.com/langcog/langcog},
	Bdsk-Url-1 = {http://github.com/langcog/langcog}}

@article{R-lme4,
	Author = {Douglas Bates and Martin M{\"a}chler and Ben Bolker and Steve Walker},
	Doi = {10.18637/jss.v067.i01},
	Journal = {Journal of Statistical Software},
	Number = {1},
	Pages = {1--48},
	Title = {Fitting Linear Mixed-Effects Models Using {lme4}},
	Volume = {67},
	Year = {2015},
	Bdsk-Url-1 = {http://dx.doi.org/10.18637/jss.v067.i01}}

@manual{R-Matrix,
	Author = {Douglas Bates and Martin Maechler},
	Note = {R package version 1.2-14},
	Title = {Matrix: Sparse and Dense Matrix Classes and Methods},
	Url = {https://CRAN.R-project.org/package=Matrix},
	Year = {2018},
	Bdsk-Url-1 = {https://CRAN.R-project.org/package=Matrix}}

@manual{R-ggrepel,
	Author = {Kamil Slowikowski},
	Note = {R package version 0.7.0},
	Title = {ggrepel: Repulsive Text and Label Geoms for 'ggplot2'},
	Url = {https://CRAN.R-project.org/package=ggrepel},
	Year = {2017},
	Bdsk-Url-1 = {https://CRAN.R-project.org/package=ggrepel}}

@manual{R-robmed,
	Author = {Andreas Alfons},
	Note = {R package version 0.3.0},
	Title = {robmed: (Robust) Mediation Analysis},
	Url = {https://CRAN.R-project.org/package=robmed},
	Year = {2018},
	Bdsk-Url-1 = {https://CRAN.R-project.org/package=robmed}}

@article{R-robustbase,
	Author = {Valentin Todorov and Peter Filzmoser},
	Journal = {Journal of Statistical Software},
	Number = {3},
	Pages = {1--47},
	Title = {An Object-Oriented Framework for Robust Multivariate Analysis},
	Url = {http://www.jstatsoft.org/v32/i03/},
	Volume = {32},
	Year = {2009},
	Bdsk-Url-1 = {http://www.jstatsoft.org/v32/i03/}}

@manual{R-numform,
	Author = {Tyler W. Rinker},
	Note = {version 0.5.0},
	Title = {{numform}: A publication style number and plot formatter},
	Url = {http://github.com/trinker/numform},
	Year = {2018},
	Bdsk-Url-1 = {http://github.com/trinker/numform}}
